@article{kapur1997high,
	title={High-order corrected trapezoidal quadrature rules for singular functions},
	author={Kapur, Sharad and Rokhlin, Vladimir},
	journal={SIAM Journal on Numerical Analysis},
	volume={34},
	number={4},
	pages={1331--1356},
	year={1997},
	publisher={SIAM}
}


@misc{erdelyi1972m,
  title={M. abramowitz and ia stegun, handbook of mathematical functions},
  author={Erdelyi, A and Magnus, W and Oberhettinger, F},
  year={1972},
  publisher={Dover, New York}
}